[gd_scene load_steps=29 format=2]

[ext_resource path="res://Scripts/PlayerKinematic.gd" type="Script" id=1]
[ext_resource path="res://Scripts/AnimatedSpriteRotationConstraint.gd" type="Script" id=2]
[ext_resource path="res://Scripts/SpriteRotationConstraint.gd" type="Script" id=3]
[ext_resource path="res://Scripts/Health.gd" type="Script" id=4]
[ext_resource path="res://Sprites/Gafferperson-idle1.png" type="Texture" id=5]
[ext_resource path="res://Sprites/Gafferperson-idle4.png" type="Texture" id=6]
[ext_resource path="res://Sprites/GafferTape/Gafferperson-arm.png" type="Texture" id=7]
[ext_resource path="res://Sprites/Gafferperson-idle2.png" type="Texture" id=8]
[ext_resource path="res://Sprites/HealthDeath/Gafferperson-death-10.png" type="Texture" id=9]
[ext_resource path="res://Sprites/HealthDeath/Gafferperson-death-8.png" type="Texture" id=10]
[ext_resource path="res://Sprites/Gafferperson-idle3.png" type="Texture" id=11]
[ext_resource path="res://Sprites/GafferTape/Gafferperson-body.png" type="Texture" id=12]
[ext_resource path="res://Sprites/HealthDeath/Gafferperson-death-5.png" type="Texture" id=13]
[ext_resource path="res://Sprites/HealthDeath/Gafferperson-death-7.png" type="Texture" id=14]
[ext_resource path="res://Sprites/HealthDeath/Gafferperson-death-6.png" type="Texture" id=15]
[ext_resource path="res://Sprites/HealthDeath/Gafferperson-death-9.png" type="Texture" id=16]
[ext_resource path="res://Soundtrack/GafferPersonOST.ogg" type="AudioStream" id=17]
[ext_resource path="res://Sprites/HealthDeath/healthbarBG.png" type="Texture" id=18]
[ext_resource path="res://Soundtrack/SFX/damage.ogg" type="AudioStream" id=19]
[ext_resource path="res://Sprites/HealthDeath/healthbarBar.png" type="Texture" id=20]
[ext_resource path="res://Sprites/Paywal/moreCOins.png" type="Texture" id=21]
[ext_resource path="res://Sprites/Paywal/moreCOins3.png" type="Texture" id=22]
[ext_resource path="res://Soundtrack/SFX/Paywalldefeated.ogg" type="AudioStream" id=24]

[sub_resource type="CapsuleShape2D" id=1]
radius = 43.3998
height = 8.13225

[sub_resource type="SpriteFrames" id=2]
animations = [ {
"frames": [ ExtResource( 5 ), ExtResource( 8 ), ExtResource( 11 ), ExtResource( 6 ) ],
"loop": true,
"name": "default",
"speed": 5.0
} ]

[sub_resource type="CircleShape2D" id=3]

[sub_resource type="SpriteFrames" id=4]
animations = [ {
"frames": [ ExtResource( 13 ), ExtResource( 15 ), ExtResource( 14 ), ExtResource( 10 ), ExtResource( 16 ), ExtResource( 9 ) ],
"loop": true,
"name": "default",
"speed": 5.0
} ]

[sub_resource type="SpriteFrames" id=5]
animations = [ {
"frames": [ ExtResource( 21 ), ExtResource( 22 ) ],
"loop": true,
"name": "default",
"speed": 5.0
} ]

[node name="KinematicBody2D" type="KinematicBody2D" groups=[
"player",
]]
script = ExtResource( 1 )

[node name="Camera2D" type="Camera2D" parent="."]
current = true
limit_left = 0
limit_top = 0
limit_bottom = 1080
limit_smoothed = true

[node name="CollisionShape2D" type="CollisionShape2D" parent="."]
position = Vector2( -0.557678, -0.0497055 )
scale = Vector2( 1.5, 1.5 )
shape = SubResource( 1 )

[node name="FlyingSprite" type="Sprite" parent="CollisionShape2D"]
position = Vector2( 0.557678, 0.0497055 )
scale = Vector2( 0.33, 0.33 )
texture = ExtResource( 12 )
script = ExtResource( 3 )

[node name="GafferArm" type="Node2D" parent="CollisionShape2D/FlyingSprite"]
position = Vector2( -60, -10 )

[node name="Sprite" type="Sprite" parent="CollisionShape2D/FlyingSprite/GafferArm"]
position = Vector2( 60, 10 )
texture = ExtResource( 7 )

[node name="GunPoint" type="Node2D" parent="CollisionShape2D/FlyingSprite/GafferArm"]
position = Vector2( 145.857, -23.3921 )

[node name="AnimatedSprite" type="AnimatedSprite" parent="CollisionShape2D"]
visible = false
position = Vector2( 0.557678, 0.0497055 )
scale = Vector2( 0.33, 0.33 )
frames = SubResource( 2 )
frame = 1
speed_scale = 1.3
playing = true
script = ExtResource( 2 )

[node name="Area2D" type="Area2D" parent="."]

[node name="CollisionShape2D" type="CollisionShape2D" parent="Area2D"]
scale = Vector2( 8.39751, 8.52366 )
shape = SubResource( 3 )

[node name="DeathAnimation" type="AnimatedSprite" parent="."]
scale = Vector2( 0.525731, 0.525731 )
frames = SubResource( 4 )
frame = 1

[node name="PaywalHUD" type="CanvasLayer" parent="."]

[node name="coin_collector" type="AnimatedSprite" parent="PaywalHUD"]
visible = false
position = Vector2( 143.841, 928.115 )
scale = Vector2( 1.58572, 1.58572 )
frames = SubResource( 5 )
frame = 1
speed_scale = 0.6
playing = true

[node name="Health" type="Node2D" parent="."]
z_index = 10
script = ExtResource( 4 )

[node name="CanvasLayer" type="CanvasLayer" parent="Health"]

[node name="BG" type="Sprite" parent="Health/CanvasLayer"]
position = Vector2( 126.35, 24.7 )
texture = ExtResource( 18 )

[node name="Healthbar" type="Sprite" parent="Health/CanvasLayer"]
position = Vector2( 126.35, 24.7 )
texture = ExtResource( 20 )

[node name="Soundtrack" type="AudioStreamPlayer2D" parent="."]
stream = ExtResource( 17 )
autoplay = true

[node name="DamageSound" type="AudioStreamPlayer2D" parent="."]
stream = ExtResource( 19 )

[node name="PaywallDone" type="AudioStreamPlayer2D" parent="."]
scale = Vector2( 1.73738, 1.73738 )
stream = ExtResource( 24 )
volume_db = 3.0
[connection signal="body_entered" from="Area2D" to="." method="_on_Area2D_body_entered"]
[connection signal="animation_finished" from="DeathAnimation" to="." method="_on_DeathAnimation_animation_finished"]
