[gd_scene load_steps=16 format=2]

[ext_resource path="res://Scripts/ErrorMessageBlock.gd" type="Script" id=1]
[ext_resource path="res://Sprites/Error/Error5.png" type="Texture" id=2]
[ext_resource path="res://Sprites/Error/Error10.png" type="Texture" id=3]
[ext_resource path="res://Sprites/Error/Error2.png" type="Texture" id=4]
[ext_resource path="res://Sprites/Error/Error7.png" type="Texture" id=5]
[ext_resource path="res://Sprites/Error/error11.png" type="Texture" id=6]
[ext_resource path="res://Sprites/Error/Error6.png" type="Texture" id=7]
[ext_resource path="res://Sprites/Error/Error8.png" type="Texture" id=8]
[ext_resource path="res://Sprites/Error/Error9.png" type="Texture" id=9]
[ext_resource path="res://Sprites/Error/disappear/errorDisappears1.png" type="Texture" id=10]
[ext_resource path="res://Sprites/Error/Error3.png" type="Texture" id=11]
[ext_resource path="res://Sprites/Error/error12.png" type="Texture" id=12]
[ext_resource path="res://Sprites/Error/disappear/Errordisappears2.png" type="Texture" id=13]
[ext_resource path="res://Soundtrack/SFX/errorsound.ogg" type="AudioStream" id=14]


[sub_resource type="RectangleShape2D" id=1]
extents = Vector2( 136.284, 91.1627 )

[node name="TimedBlock" type="Node2D"]

[node name="StaticBody2D" type="StaticBody2D" parent="." groups=[
"timedblock",
]]

[node name="CollisionShape2D" type="CollisionShape2D" parent="StaticBody2D"]
position = Vector2( 4.07257, -1.62901 )
shape = SubResource( 1 )

[node name="Sprite" type="Sprite" parent="StaticBody2D"]
texture = ExtResource( 4 )
script = ExtResource( 1 )
textures = [ ExtResource( 12 ), ExtResource( 6 ), ExtResource( 3 ), ExtResource( 9 ), ExtResource( 8 ), ExtResource( 5 ), ExtResource( 7 ), ExtResource( 2 ), ExtResource( 4 ), ExtResource( 11 ) ]
disappearTexture = [ ExtResource( 10 ), ExtResource( 13 ) ]

[node name="AudioStreamPlayer2D" type="AudioStreamPlayer2D" parent="StaticBody2D/Sprite"]
stream = ExtResource( 14 )
attenuation = 0.210224
